

@STRING(AdvM={Adv. Math.})

@STRING(AJM={Amer. J. Math.})

@STRING(CJP={Czech. J. Phys.})

@STRING(CMP={Commun. Math. Phys.})

@STRING(CQG={Class. Quantum Grav.})

@STRING(INV={Invent. Math.})

@STRING(IsrJM={Isr. J. Math.})

@STRING(JAlg={J. Algebra})

@STRING(JPAA={J. Pure Appl. Algebra})

@STRING(JAMS={J. Amer. Math. Soc.})

@STRING(JFA={J. Funct. Anal.})

@STRING(JGP={J. Geom. Phys.})

@STRING(JMP={J. Math. Phys.})

@STRING(JPhA={J. Phys. A})

@STRING(JraM={J. reine angew. Math.})

@STRING(LMP={Lett. Math. Phys.})

@STRING(MZ={Math. Z.})

@STRING(OSAKA={Osaka J. Math.})

@STRING(RIMS={Publ. Res. Inst. Math. Sci.})

@STRING(RMP={Rep. Math. Phys.})

@STRING(TRANS={Trans. Am. Math. Soc.})


@BOOK{b-AtiMacDo,
   author = "M.F. Atiyah and I.G. MacDonald",
   title = "Introduction to commutative algebra",
   publisher = "Addison Wesley",
   address = "Reading, MA",
   year = 1969}


@BOOK{b-BG02,
   author = "K. A. Brown and K. G. Goodearl",
   title = "Lectures on algebraic quantum groups",
   publisher = "Birk{\"a}user Verlag",
   address = "Basel",
   year = 2002}


@BOOK{b-CP94,
   author    = "V. Chari and A. Pressley",
   title     = "A guide to quantum groups",
   publisher = "Cambridge Univ. Press",
   address   = "Cambridge",
   year      = 1994}

@BOOK{b-DengDu08,
   author = "B. Deng and J. Du and B. Parshall and J. Wang",
   title = "Finite dimensional algebras and quantum groups",
   series = "Mathematical surveys and monographs",
   volume = "150",
   publisher = "Amer. Math. Soc.",
   address = "Providence, RI",
   year = 2008}

@BOOK{b-ErdWil06,
   author = "K. Erdmann and M.J. Wildon",
   title = "Introduction to {L}ie algebras",
   publisher = "Springer-Verlag",
   address = "London",
   year = 2006}

@BOOK{b-HongKang02,
   author = "J. Hong and S.-J. Kang",
   title = "Introduction to quantum groups and crystal bases",
   publisher = "Amer. Math. Soc.",
   address = "Providence, RI",
   year = 2002}

@BOOK{b-Humphreys,
   author = "J. E. Humphreys",
   title = "Introduction to {L}ie algebras and representation theory",
   publisher = "Springer-Verlag",
   address = "New York",
   year = 1972}

@BOOK{b-Humphreys75,
   author = "J. E. Humphreys",
   title = "Linear algebraic groups",
   publisher = "Springer-Verlag",
   address = "New York",
   year = 1975}

@BOOK{b-Jantzen96,
   author = "J. C. Jantzen",
   title =  "Lectures on quantum groups",
   series = "Grad. Stud. Math.",
   volume = 6,
   publisher = "Amer. Math. Soc",
   address = "Providence, RI",
   year = 1996}


@BOOK{b-Joseph,
   author = "A. Joseph",
   title = "Quantum groups and their primitive ideals",
   series = "Ergebnisse der Mathematik und ihrer Grenzgebiete",
   publisher = "Springer-Verlag",
   address = "Berlin",
   year = 1995}

@BOOK{b-Kac1,
   author = "V. G. Kac",
   title = "Infinite dimensional {L}ie algebras",
   publisher = "Cambridge University Press",
   address = "Cambridge",
   edition = "3rd.",
   year = 1990}

@BOOK{b-Kassel1,
   author = "C. Kassel",
   title = "Quantum groups",
   series = "Grad. Texts in Math.",
   publisher = "Springer-Verlag",
   address = "Heidelberg",
   year = 1995}

@BOOK{b-KS,
   author = "A. Klimyk and K. Schm{\"u}dgen",
   title = "Quantum groups and their representations",
   publisher = "Springer-Verlag",
   address = "Heidelberg",
   year = 1997}

@BOOK{b-Lusztig94,
   author = "G. Lusztig",
   title = "Introduction to quantum groups", 
   publisher = "Birkh{\"a}user",
   address = "Boston",
   year = 1994}

@BOOK{b-Majid1,
   author = "S. Majid",
   title = "Foundations of quantum group theory",
   publisher = "Cambridge University Press",
   year = 1995}

@BOOK{b-McCoRo,
   author = "J.C. McConnell and L.C. Robson",
   title = "Noncommutative noetherian rings",
   publisher = "John Wiley \& Sons",
   address = "New York", 
   year = 1988}

@BOOK{b-Montg93,
   author = "S. Montgomery",
   title = "Hopf algebras and their actions on rings",
   publisher = "AMS",
   address = "Providence, Rhode Island", 
   year = 1993}

@Article{a-Araki62,
   author = "S. Araki",
   title = "On root systems and an infinitesimal classification of irreducible symmetric spaces",
   volume = 13,
   journal = "J. Math",
   pages = "34 pp",
   year = 1962}

@ARTICLE{a-BalaKolb14p,
   author = "M. Balagovi{\'c} and S. Kolb",
   title = "The bar involution for quantum symmetric pairs",
   journal = "Represent. Theory",
   volume = 19,
   pages = "186--210",
   year = 2015}

@Article{a-BK15,
  author = "M. Balagovi{\'c} and S. Kolb",
  title = "Universal {K}-matrix for quantum symmetric pairs",
  journal = "preprint, {\ttfamily arXiv:1507.06276}",
  pages = "52 pp.",
  year = 2015}

@Article{a-BaoWang13p,
  author = "H. Bao and W. Wang",
  title =  "A new approach to {K}azhdan-{L}usztig theory of type ${B}$ via quantum symmetric pairs",
  journal = "preprint, {\ttfamily arXiv:1310.0103v1}",
  pages = "89 pp.",
  year = 2013}    

@Article{a-BKLW,
	author = "H. Bao and J. Kujawa and Y. Li and W. Wang",
	title = "Geometric {S}chur duality of classical type",
	journal = "preprint, {\ttfamily arXiv:1404.4000v3}",
	pages = "52 pp.",
	year = 2015} 

@Article{a-BW16,
	author = "H. Bao and W. Wang",
	title = "Canonical bases arising from quantum symmetric pairs",
	journal = "preprint, {\ttfamily arXiv:1610.092v1}",
	pages = "76 pp.",
	year = 2016}

@Article{a-GI14,
	author = "M. Geck and L. Iancu",
	title = "Coxeter groups and automorphisms",
	journal = "preprint, {\ttfamily arXiv:1412.5428v1}",
	pages = "4 pp.",
	year = 2014}

@Article{a-KL08,
   author = "S. Kolb and G. Letzter",
   title = "The center of quantum symmetric pair coideal subalgebras",
   journal = "Represent. Theory",
   volume = 12,
   pages = "294--326",
   year = 2008}


@Article{a-Kolb14,
  author = "S. Kolb",
  title =  "Quantum symmetric {K}ac-{M}oody pairs",
  journal = "Adv. Math.",
  volume = "267",
  pages = "395--469",
  year = 2014}   

@Article{a-KP11,
   author = "S. Kolb and J. Pellegrini",
   title = "Braid group actions on coideal subalgebras of quantized enveloping algebras",
   journal = JAlg,
   volume = 336,
   pages = "395--469",
   year = 2011}

@ARTICLE{a-Letzter99a,
   author = "G. Letzter",
   title = "Symmetric pairs for quantized enveloping algebras",
   journal = JAlg,
   volume = 220,
   pages = "729--767",
   year = 1999}



@INPROCEEDINGS{MSRI-Letzter,
   author = "G. Letzter",
   title = "Coideal subalgebras and quantum symmetric pairs",
   booktitle = "New directions in {H}opf algebras",
   series = "MSRI publications",
   pages = "117--166",
   publisher = "Cambridge Univ. Press",
   address = "Cambridge",
   volume = 43,
   year = 2002}


@ARTICLE{a-Letzter04,
   author = "G. Letzter",
   title = "Quantum zonal spherical functions and {M}acdonald 
            polynomials",
   journal = AdvM,
   volume = 189,
   pages = "88--147",
   year = 2004}

@ARTICLE{a-Letzter03,
   author = "G. Letzter",
   title = "Quantum symmetric pairs and their zonal spherical functions",
   journal = "Transformation Groups",
   volume = 8,
   pages = "261--292",
   year = 2003}

@BOOK{b-Ste67,
   author = "R. Steinberg",
   title = "Lectures on {C}hevalley groups. {N}otes prepared by {J}ohn {F}aulkner and {R}obert {W}ilson",
   publisher = "Yale University",
   address = "New Haven, Conn.",
   year = 1967}

@ARTICLE{a-BLM90,
	author = "A. Beilinson and G. Lusztig and R. MacPherson",
	title = "A geometric setting for the quantum deformation of $\emph{GL}_n$",
	journal = "Duke Math. J",
	volume = 61,
	pages = "655 -- 677",
	year = 1990}	

@BOOK{b-Mat99,
	author = "A. Mathas",
	title = "Iwahori-{H}ecke algebras and {S}chur algebras of the symmetric group",
	series = "University Lecture {S}eries",
	volume = "15",	
	publisher = "Amer. Math. Soc.", 
	address = "Providence, RI",
	year = 1999}


@ARTICLE{a-RV16,
	author = "V. Regelskis and B. Vlaar",
	title = "Classification of reflection matrices for quasistandard quantum affine {K}ac-{M}oody pairs of classical type",
	journal = "preprint, {\ttfamily arXiv:1602.08471}",
  	pages = "111 pp.",
  	year = 2016}


@ARTICLE{a-BKLW15,
	author = "H. Bao and J. Kujawa and Y. Li and W. Wang",
	title = "Geometric {S}chur duality of classical type",
	journal = "preprint, {\ttfamily arXiv:1404.4000v3}",
	pages = "40 pp.",
	year = 2015}

@ARTICLE{a-FL14,
	author = "Z. Fan and Y. Li",
	title = "Geometric {S}chur duality of classical type {II}",
	journal = "preprint, {\ttfamily arXiv:1408.6740}",
	pages = "40 pp.",
	year = 2014} 

@ARTICLE{a-FLL16,
	author = "Z. Fan and C. Lai and Y. Li and L. Luo and W. Wang",
	title = "Affine flag varities and quantum symmetric pairs",
	journal = "preprint, {\ttfamily arXiv:1602.04383}",
	pages = "108 pp",
	year = 2016}

@ARTICLE{a-G97,
	author = "R. M. Green",
	title = "Hyperoctahedral {S}chur algebras",
	journal = "J. Algebra",
	volume = "197",
	pages = "418 -- 438",
	year = 1997}


